@article{mubarak2022emojis,
	
	title={Emojis as Anchors to Detect Arabic Offensive Language and Hate Speech},
	
	author={Mubarak, Hamdy and Hassan, Sabit and Chowdhury, Shammur Absar},
	
	journal={arXiv preprint arXiv:2201.06723},
	
	year={2022}
	
}